@misc{lebret2013word,
    title={Word Emdeddings through Hellinger PCA},
    author={Remi Lebret and Ronan Collobert},
    year={2013},
    eprint={1312.5542},
    archivePrefix={arXiv},
    primaryClass={cs.CL}
}